<?xml version="1.0" encoding="UTF-8"?>
<collection>
	<record>
		<leader>01559nam a2200421u  4500</leader>
		<controlfield tag="001">99567040101488</controlfield>
		<controlfield tag="005">20220901164916.0</controlfield>
		<controlfield tag="008">790314s1539    fr |||| r|    000|0 mul c</controlfield>
		<datafield tag="035" ind1=" " ind2=" ">
			<subfield code="a">128122</subfield>
		</datafield>
		<datafield tag="035" ind1=" " ind2=" ">
			<subfield code="a">(BeLVLBS)000056704LBS01-Aleph</subfield>
		</datafield>
		<datafield tag="035" ind1=" " ind2=" ">
			<subfield code="a">(BeLVLBS)99567040101471</subfield>
		</datafield>
		<datafield tag="040" ind1=" " ind2=" ">
			<subfield code="a">BeLVLBS</subfield>
			<subfield code="b">Language of cataloging varies</subfield>
			<subfield code="e">rda based</subfield>
		</datafield>
		<datafield tag="041" ind1=" " ind2=" ">
			<subfield code="a">lat</subfield>
			<subfield code="a">heb</subfield>
		</datafield>
		<datafield tag="245" ind1="0" ind2="0">
			<subfield code="a">Tabvla in grammaticen Hebræam</subfield>
			<subfield code="c">autore Nicolao Clenardo.</subfield>
		</datafield>
		<datafield tag="246" ind1="3" ind2="3">
			<subfield code="a">Tabula in grammaticen Hebræam</subfield>
		</datafield>
		<datafield tag="264" ind1=" " ind2="1">
			<subfield code="a">Parisiis</subfield>
			<subfield code="b">excudebat Christianus Wechelus</subfield>
			<subfield code="c">1539</subfield>
		</datafield>
		<datafield tag="300" ind1=" " ind2=" ">
			<subfield code="a">A-K8 ; 155, [5] p.</subfield>
			<subfield code="g">8°</subfield>
		</datafield>
		<datafield tag="336" ind1=" " ind2=" ">
			<subfield code="a">text</subfield>
			<subfield code="2">rdacontent</subfield>
		</datafield>
		<datafield tag="337" ind1=" " ind2=" ">
			<subfield code="a">unmediated</subfield>
			<subfield code="2">rdamedia</subfield>
		</datafield>
		<datafield tag="338" ind1=" " ind2=" ">
			<subfield code="a">volume</subfield>
			<subfield code="2">rdacarrier</subfield>
		</datafield>
		<datafield tag="510" ind1="4" ind2=" ">
			<subfield code="a">Adams</subfield>
			<subfield code="c">nihil</subfield>
		</datafield>
		<datafield tag="510" ind1="4" ind2=" ">
			<subfield code="a">Bakelants &amp; Hoven</subfield>
			<subfield code="c">5</subfield>
		</datafield>
		<datafield tag="510" ind1="4" ind2=" ">
			<subfield code="a">Gistelinck</subfield>
			<subfield code="c">nihil</subfield>
		</datafield>
		<datafield tag="542" ind1=" " ind2=" ">
			<subfield code="l">public domain</subfield>
			<subfield code="n">available as open data</subfield>
			<subfield code="u">gebruiksvoorwaarden</subfield>
		</datafield>
		<datafield tag="650" ind1=" " ind2="7">
			<subfield code="2">KUL</subfield>
			<subfield code="a">Academic collection</subfield>
		</datafield>
		<datafield tag="650" ind1=" " ind2="7">
			<subfield code="2">UDC</subfield>
			<subfield code="a">809.24</subfield>
			<subfield code="x">Hebreeuws. Hebreeuwse taalkunde</subfield>
		</datafield>
		<datafield tag="700" ind1="1" ind2=" ">
			<subfield code="a">Clenardus, Nicolaus</subfield>
			<subfield code="d">approximately 1493-1542</subfield>
			<subfield code="e">author</subfield>
		</datafield>
		<datafield tag="710" ind1="2" ind2=" ">
			<subfield code="a">Wechel, Chrestien</subfield>
			<subfield code="c">Paris</subfield>
			<subfield code="d">active 1522-1554</subfield>
			<subfield code="e">printer</subfield>
		</datafield>
		<datafield tag="856" ind1="4" ind2="2">
			<subfield code="u">https://www.ustc.ac.uk/editions/186184</subfield>
			<subfield code="y">This edition in USTC</subfield>
		</datafield>
		<datafield tag="856" ind1="4" ind2=" ">
			<subfield code="u">http://resolver.libis.be/IE13979991/representation</subfield>
			<subfield code="y">KU Leuven Libraries BCOL BRES CaaA1352</subfield>
		</datafield>
		<datafield tag="900" ind1=" " ind2=" ">
			<subfield code="a">CONSOLIDATED RECORD EARLY PRINT FULL</subfield>
		</datafield>
		<datafield tag="902" ind1=" " ind2=" ">
			<subfield code="r">BOOK BEFORE 1840</subfield>
			<subfield code="m">PHYSICAL</subfield>
		</datafield>
		<datafield tag="950" ind1=" " ind2=" ">
			<subfield code="b">printer's device</subfield>
			<subfield code="c">on title page and f. K8v.</subfield>
		</datafield>
		<datafield tag="950" ind1=" " ind2=" ">
			<subfield code="b">ornamental initials</subfield>
		</datafield>
		<datafield tag="953" ind1=" " ind2=" ">
			<subfield code="a">1501-1540</subfield>
		</datafield>
		<datafield tag="955" ind1=" " ind2=" ">
			<subfield code="b">IE13979991</subfield>
			<subfield code="e">CaaA1352</subfield>
			<subfield code="y">1539</subfield>
			<subfield code="v">1</subfield>
		</datafield>
		<datafield tag="981" ind1=" " ind2=" ">
			<subfield code="a">DIGI CAA DIGITALISEREN</subfield>
			<subfield code="c">CaaA1352</subfield>
		</datafield>
		<datafield tag="981" ind1=" " ind2=" ">
			<subfield code="a">Google metadata import 20210927</subfield>
		</datafield>
		<datafield tag="981" ind1=" " ind2=" ">
			<subfield code="a">Google_Books_selection_2019</subfield>
		</datafield>
		<datafield tag="996" ind1=" " ind2=" ">
			<subfield code="a">BIBC</subfield>
			<subfield code="b">physical</subfield>
			<subfield code="c">201602</subfield>
			<subfield code="9">local</subfield>
		</datafield>
		<datafield tag="996" ind1=" " ind2=" ">
			<subfield code="a">BCOL</subfield>
			<subfield code="b">physical</subfield>
			<subfield code="c">201912</subfield>
			<subfield code="9">local</subfield>
		</datafield>
	</record>