
	<record>
		<leader>02147nam a2200469u  4500</leader>
		<controlfield tag="001">995193970101488</controlfield>
		<controlfield tag="005">20220901162918.0</controlfield>
		<controlfield tag="008">841024s1594    be |||| r|    000|0 lat c</controlfield>
		<datafield tag="035" ind1=" " ind2=" ">
			<subfield code="a">1210816</subfield>
		</datafield>
		<datafield tag="035" ind1=" " ind2=" ">
			<subfield code="a">(BeLVLBS)000519397LBS01-Aleph</subfield>
		</datafield>
		<datafield tag="035" ind1=" " ind2=" ">
			<subfield code="a">(BeLVLBS)995193970101471</subfield>
		</datafield>
		<datafield tag="040" ind1=" " ind2=" ">
			<subfield code="a">BeLVLBS</subfield>
			<subfield code="b">Language of cataloging varies</subfield>
			<subfield code="e">rda based</subfield>
		</datafield>
		<datafield tag="041" ind1=" " ind2=" ">
			<subfield code="a">lat</subfield>
			<subfield code="a">grc</subfield>
		</datafield>
		<datafield tag="245" ind1="0" ind2="0">
			<subfield code="a">Meditationes græcanicæ in artem grammaticam;</subfield>
			<subfield code="b">in eorum gratiam, qui viua præceptoris voce destituuntur, &amp; literas græcas suo ipsi ductu discere coguntur:</subfield>
			<subfield code="c">auctore Nicolao Clenardo.</subfield>
		</datafield>
		<datafield tag="246" ind1="3" ind2="3">
			<subfield code="a">Meditationes graecanicae in artem grammaticam; in eorum gratiam, qui viva praeceptoris voce destituuntur, &amp; literas graecas suo ipsi ductu discere coguntur</subfield>
		</datafield>
		<datafield tag="264" ind1=" " ind2="1">
			<subfield code="a">Antverpiæ</subfield>
			<subfield code="b">ex officina Plantiniana, apud viduam &amp; Ioannem Moretum</subfield>
			<subfield code="c">1594</subfield>
		</datafield>
		<datafield tag="264" ind1=" " ind2="3">
			<subfield code="a">Antverpiæ</subfield>
			<subfield code="b">ex officina Plantiniana</subfield>
			<subfield code="c">1592</subfield>
			<subfield code="3">colophon</subfield>
		</datafield>
		<datafield tag="300" ind1=" " ind2=" ">
			<subfield code="a">A-G8 ; 100, [11], [1 blank] p.</subfield>
			<subfield code="g">8°</subfield>
		</datafield>
		<datafield tag="336" ind1=" " ind2=" ">
			<subfield code="a">text</subfield>
			<subfield code="2">rdacontent</subfield>
		</datafield>
		<datafield tag="337" ind1=" " ind2=" ">
			<subfield code="a">unmediated</subfield>
			<subfield code="2">rdamedia</subfield>
		</datafield>
		<datafield tag="338" ind1=" " ind2=" ">
			<subfield code="a">volume</subfield>
			<subfield code="2">rdacarrier</subfield>
		</datafield>
		<datafield tag="510" ind1="4" ind2=" ">
			<subfield code="a">Bakelants &amp; Hoven</subfield>
			<subfield code="c">307</subfield>
		</datafield>
		<datafield tag="542" ind1=" " ind2=" ">
			<subfield code="l">public domain</subfield>
			<subfield code="n">available as open data</subfield>
			<subfield code="u">gebruiksvoorwaarden</subfield>
		</datafield>
		<datafield tag="650" ind1=" " ind2="7">
			<subfield code="2">KUL</subfield>
			<subfield code="a">Universiteitsgeschiedenis (kennisdomein)</subfield>
		</datafield>
		<datafield tag="650" ind1=" " ind2="7">
			<subfield code="2">UDC</subfield>
			<subfield code="a">875</subfield>
			<subfield code="x">Griekse literatuur</subfield>
		</datafield>
		<datafield tag="650" ind1=" " ind2="7">
			<subfield code="2">KUL</subfield>
			<subfield code="a">Academic collection</subfield>
		</datafield>
		<datafield tag="700" ind1="1" ind2=" ">
			<subfield code="a">Clenardus, Nicolaus</subfield>
			<subfield code="d">approximately 1493-1542</subfield>
			<subfield code="e">author</subfield>
		</datafield>
		<datafield tag="700" ind1="1" ind2=" ">
			<subfield code="a">Canta, Jacobus</subfield>
			<subfield code="c">Card.</subfield>
			<subfield code="e">dedicatee</subfield>
		</datafield>
		<datafield tag="710" ind1="2" ind2=" ">
			<subfield code="a">Plantijn, Christoffel (widow)</subfield>
			<subfield code="c">Antwerpen</subfield>
			<subfield code="d">active 1589-1597</subfield>
			<subfield code="e">printer</subfield>
		</datafield>
		<datafield tag="710" ind1="2" ind2=" ">
			<subfield code="a">Moretus, Joannes I</subfield>
			<subfield code="c">Antwerpen</subfield>
			<subfield code="d">active 1589-1609</subfield>
			<subfield code="e">printer</subfield>
		</datafield>
		<datafield tag="773" ind1="1" ind2=" ">
			<subfield code="i">Bound with</subfield>
			<subfield code="w">(BeLVLBS)002348230LBS01-Aleph</subfield>
			<subfield code="g">no:009202150</subfield>
			<subfield code="9">unrelated</subfield>
		</datafield>
		<datafield tag="856" ind1="4" ind2="2">
			<subfield code="u">https://www.ustc.ac.uk/editions/412979</subfield>
			<subfield code="y">This edition in USTC</subfield>
		</datafield>
		<datafield tag="856" ind1="4" ind2=" ">
			<subfield code="u">http://resolver.libis.be/IE14276220/representation</subfield>
			<subfield code="y">KU Leuven Libraries BCOL BRES CaaA1367-2</subfield>
		</datafield>
		<datafield tag="900" ind1=" " ind2=" ">
			<subfield code="a">CONSOLIDATED RECORD EARLY PRINT FULL</subfield>
		</datafield>
		<datafield tag="902" ind1=" " ind2=" ">
			<subfield code="r">BOOK BEFORE 1840</subfield>
			<subfield code="m">PHYSICAL</subfield>
		</datafield>
		<datafield tag="950" ind1=" " ind2=" ">
			<subfield code="b">printer's device</subfield>
			<subfield code="c">on title page</subfield>
		</datafield>
		<datafield tag="950" ind1=" " ind2=" ">
			<subfield code="b">tail piece(s)</subfield>
		</datafield>
		<datafield tag="950" ind1=" " ind2=" ">
			<subfield code="b">ornamental initials</subfield>
		</datafield>
		<datafield tag="953" ind1=" " ind2=" ">
			<subfield code="a">1541-1600</subfield>
		</datafield>
		<datafield tag="955" ind1=" " ind2=" ">
			<subfield code="b">IE14276220</subfield>
			<subfield code="e">CaaA1367-2</subfield>
			<subfield code="y">1594</subfield>
			<subfield code="v">1</subfield>
		</datafield>
		<datafield tag="981" ind1=" " ind2=" ">
			<subfield code="a">DIGI CAA DIGITALISEREN</subfield>
			<subfield code="c">CaaA1367</subfield>
		</datafield>
		<datafield tag="981" ind1=" " ind2=" ">
			<subfield code="a">Google metadata import 20210927</subfield>
		</datafield>
		<datafield tag="981" ind1=" " ind2=" ">
			<subfield code="a">Google_Books_selection_2019</subfield>
		</datafield>
		<datafield tag="996" ind1=" " ind2=" ">
			<subfield code="a">BCOL</subfield>
			<subfield code="b">physical</subfield>
			<subfield code="c">202001</subfield>
			<subfield code="9">local</subfield>
		</datafield>
	</record>