
	<record>
		<leader>01614nam a2200397u  4500</leader>
		<controlfield tag="001">9910985600101488</controlfield>
		<controlfield tag="005">20220901154936.0</controlfield>
		<controlfield tag="008">891128s1697    be |||| r|    000|0 lat c</controlfield>
		<datafield tag="035" ind1=" " ind2=" ">
			<subfield code="a">3133773</subfield>
		</datafield>
		<datafield tag="035" ind1=" " ind2=" ">
			<subfield code="a">(BeLVLBS)001098560LBS01-Aleph</subfield>
		</datafield>
		<datafield tag="035" ind1=" " ind2=" ">
			<subfield code="a">(BeLVLBS)9910985600101471</subfield>
		</datafield>
		<datafield tag="040" ind1=" " ind2=" ">
			<subfield code="a">BeLVLBS</subfield>
			<subfield code="b">Language of cataloging varies</subfield>
			<subfield code="e">rda based</subfield>
		</datafield>
		<datafield tag="041" ind1=" " ind2=" ">
			<subfield code="a">lat</subfield>
		</datafield>
		<datafield tag="245" ind1="0" ind2="0">
			<subfield code="a">Martini Steyaert Manifesta provocatio scriptoris non infami saltem igne famosi:</subfield>
			<subfield code="b">quocum disceptet de editione operum M. Baji, ...</subfield>
		</datafield>
		<datafield tag="246" ind1="3" ind2="3">
			<subfield code="a">Manifesta provocatio scriptoris non infami saltem igne famosi:</subfield>
			<subfield code="b">quocum disceptet de editione operum M. Baji, ...</subfield>
		</datafield>
		<datafield tag="264" ind1=" " ind2="1">
			<subfield code="a">Lovanii</subfield>
			<subfield code="b">typis H. Van Overbeke</subfield>
			<subfield code="c">1697</subfield>
		</datafield>
		<datafield tag="300" ind1=" " ind2=" ">
			<subfield code="a">[A]2 ; [2] f.</subfield>
			<subfield code="g">4°</subfield>
		</datafield>
		<datafield tag="336" ind1=" " ind2=" ">
			<subfield code="a">text</subfield>
			<subfield code="2">rdacontent</subfield>
		</datafield>
		<datafield tag="337" ind1=" " ind2=" ">
			<subfield code="a">unmediated</subfield>
			<subfield code="2">rdamedia</subfield>
		</datafield>
		<datafield tag="338" ind1=" " ind2=" ">
			<subfield code="a">volume</subfield>
			<subfield code="2">rdacarrier</subfield>
		</datafield>
		<datafield tag="542" ind1=" " ind2=" ">
			<subfield code="l">public domain</subfield>
			<subfield code="n">available as open data</subfield>
			<subfield code="u">gebruiksvoorwaarden</subfield>
		</datafield>
		<datafield tag="650" ind1=" " ind2="7">
			<subfield code="2">KUL</subfield>
			<subfield code="a">Academic collection</subfield>
		</datafield>
		<datafield tag="699" ind1=" " ind2=" ">
			<subfield code="a">Herkomstcollectie Heverlee: S.J.</subfield>
			<subfield code="g">CometaMSB</subfield>
			<subfield code="9">local</subfield>
		</datafield>
		<datafield tag="700" ind1="1" ind2=" ">
			<subfield code="a">Baius, Michael</subfield>
			<subfield code="d">1513-1589</subfield>
			<subfield code="e">author</subfield>
		</datafield>
		<datafield tag="700" ind1="1" ind2=" ">
			<subfield code="a">Steyaert, Martinus</subfield>
			<subfield code="d">1647-1701</subfield>
			<subfield code="e">author</subfield>
		</datafield>
		<datafield tag="710" ind1="2" ind2=" ">
			<subfield code="a">Van Overbeke, Henricus</subfield>
			<subfield code="c">Leuven</subfield>
			<subfield code="d">active 1690-1736</subfield>
			<subfield code="e">printer</subfield>
		</datafield>
		<datafield tag="773" ind1="1" ind2=" ">
			<subfield code="i">Bound with</subfield>
			<subfield code="w">(BeLVLBS)001098553LBS01-Aleph</subfield>
			<subfield code="g">no:003133763</subfield>
			<subfield code="9">unrelated</subfield>
		</datafield>
		<datafield tag="856" ind1="4" ind2=" ">
			<subfield code="u">http://resolver.libis.be/IE13181209/representation</subfield>
			<subfield code="y">KU Leuven Libraries GBIB GBIB P279.102.0/Qo* BAIU Oper-2</subfield>
		</datafield>
		<datafield tag="900" ind1=" " ind2=" ">
			<subfield code="a">CONSOLIDATED RECORD EARLY PRINT FULL</subfield>
		</datafield>
		<datafield tag="900" ind1=" " ind2=" ">
			<subfield code="a">NO DEDUP</subfield>
		</datafield>
		<datafield tag="902" ind1=" " ind2=" ">
			<subfield code="r">BOOK BEFORE 1840</subfield>
			<subfield code="m">PHYSICAL</subfield>
		</datafield>
		<datafield tag="950" ind1=" " ind2=" ">
			<subfield code="b">head piece(s)</subfield>
		</datafield>
		<datafield tag="950" ind1=" " ind2=" ">
			<subfield code="b">ornamental initials</subfield>
		</datafield>
		<datafield tag="953" ind1=" " ind2=" ">
			<subfield code="a">1651-1700</subfield>
		</datafield>
		<datafield tag="955" ind1=" " ind2=" ">
			<subfield code="b">IE13181209</subfield>
			<subfield code="e">P279.102.0/Qo* BAIU Oper-2</subfield>
			<subfield code="y">1697</subfield>
			<subfield code="v">1</subfield>
		</datafield>
		<datafield tag="981" ind1=" " ind2=" ">
			<subfield code="a">DIGI CAA DIGITALISEREN</subfield>
			<subfield code="c">P279.102.0/Qo* BAIU Oper</subfield>
		</datafield>
		<datafield tag="981" ind1=" " ind2=" ">
			<subfield code="a">Google metadata import 20210927</subfield>
		</datafield>
		<datafield tag="981" ind1=" " ind2=" ">
			<subfield code="a">Google_Books_selection_2019</subfield>
		</datafield>
		<datafield tag="996" ind1=" " ind2=" ">
			<subfield code="a">GBIB</subfield>
			<subfield code="b">physical</subfield>
			<subfield code="c">202001</subfield>
			<subfield code="9">local</subfield>
		</datafield>
	</record>