
	<record>
		<leader>02110nam a2200493u  4500</leader>
		<controlfield tag="001">9911011140101488</controlfield>
		<controlfield tag="005">20220901134616.0</controlfield>
		<controlfield tag="008">891207s1599    gw |||| r|    000|0 lat c</controlfield>
		<datafield tag="035" ind1=" " ind2=" ">
			<subfield code="a">3143712</subfield>
		</datafield>
		<datafield tag="035" ind1=" " ind2=" ">
			<subfield code="a">(BeLVLBS)001101114LBS01-Aleph</subfield>
		</datafield>
		<datafield tag="035" ind1=" " ind2=" ">
			<subfield code="a">(BeLVLBS)9911011140101471</subfield>
		</datafield>
		<datafield tag="040" ind1=" " ind2=" ">
			<subfield code="a">BeLVLBS</subfield>
			<subfield code="b">Language of cataloging varies</subfield>
			<subfield code="e">rda based</subfield>
		</datafield>
		<datafield tag="041" ind1=" " ind2=" ">
			<subfield code="a">lat</subfield>
		</datafield>
		<datafield tag="245" ind1="0" ind2="0">
			<subfield code="a">Roberti Bellarmini ... De translatione imperii romani a Græcis ad Francos, libri tres, aduersus Matthiam Flaccivm Illyricvm.</subfield>
		</datafield>
		<datafield tag="246" ind1="3" ind2="3">
			<subfield code="a">De translatione imperii romani a Graecis ad Francos, libri tres, adversus Matthiam Flaccium Illyricum.</subfield>
		</datafield>
		<datafield tag="264" ind1=" " ind2="1">
			<subfield code="a">Coloniae Agrippinae</subfield>
			<subfield code="b">apud Ioannem Gymnicum</subfield>
			<subfield code="c">1599</subfield>
		</datafield>
		<datafield tag="300" ind1=" " ind2=" ">
			<subfield code="a">A-P8, Q4 ; 245, [1], [2 blank] p.</subfield>
			<subfield code="g">8°</subfield>
		</datafield>
		<datafield tag="336" ind1=" " ind2=" ">
			<subfield code="a">text</subfield>
			<subfield code="2">rdacontent</subfield>
		</datafield>
		<datafield tag="337" ind1=" " ind2=" ">
			<subfield code="a">unmediated</subfield>
			<subfield code="2">rdamedia</subfield>
		</datafield>
		<datafield tag="338" ind1=" " ind2=" ">
			<subfield code="a">volume</subfield>
			<subfield code="2">rdacarrier</subfield>
		</datafield>
		<datafield tag="510" ind1="4" ind2=" ">
			<subfield code="a">Adams</subfield>
			<subfield code="c">nihil</subfield>
		</datafield>
		<datafield tag="510" ind1="4" ind2=" ">
			<subfield code="a">PBN</subfield>
			<subfield code="c">nihil</subfield>
		</datafield>
		<datafield tag="542" ind1=" " ind2=" ">
			<subfield code="l">public domain</subfield>
			<subfield code="n">available as open data</subfield>
			<subfield code="u">gebruiksvoorwaarden</subfield>
		</datafield>
		<datafield tag="650" ind1=" " ind2="7">
			<subfield code="2">KUL</subfield>
			<subfield code="a">#GBIB: jesuitica</subfield>
		</datafield>
		<datafield tag="650" ind1=" " ind2="7">
			<subfield code="2">UDC</subfield>
			<subfield code="a">943.015</subfield>
			<subfield code="x">Geschiedenis van Duitsland: Karel De Grote; Karolingers--(687-843)</subfield>
		</datafield>
		<datafield tag="650" ind1=" " ind2="7">
			<subfield code="2">KUL</subfield>
			<subfield code="a">Academic collection</subfield>
		</datafield>
		<datafield tag="699" ind1=" " ind2=" ">
			<subfield code="a">Herkomstcollectie Vaalbeek: O.F.M.</subfield>
			<subfield code="g">CometaMSB</subfield>
			<subfield code="9">local</subfield>
		</datafield>
		<datafield tag="700" ind1="1" ind2=" ">
			<subfield code="a">Bellarmino, Roberto</subfield>
			<subfield code="c">S.J., card.</subfield>
			<subfield code="d">1542-1621</subfield>
			<subfield code="e">author</subfield>
		</datafield>
		<datafield tag="700" ind1="1" ind2=" ">
			<subfield code="a">Flacius, Matthias</subfield>
			<subfield code="d">1520-1575</subfield>
			<subfield code="e">other</subfield>
		</datafield>
		<datafield tag="710" ind1="2" ind2=" ">
			<subfield code="a">Gymnich, Johann IV</subfield>
			<subfield code="c">Köln</subfield>
			<subfield code="d">active 1597-1634</subfield>
			<subfield code="e">bookseller</subfield>
		</datafield>
		<datafield tag="856" ind1="4" ind2="1">
			<subfield code="u">http://mdz-nbn-resolving.de/urn:nbn:de:bvb:12-bsb10183154-1</subfield>
			<subfield code="y">Digitized version</subfield>
			<subfield code="z">Bayerische Staatsbibliothek</subfield>
		</datafield>
		<datafield tag="856" ind1="4" ind2="2">
			<subfield code="u">http://gateway-bayern.de/VD16+B+1627</subfield>
			<subfield code="y">This edition in VD16</subfield>
		</datafield>
		<datafield tag="856" ind1="4" ind2="2">
			<subfield code="u">https://www.ustc.ac.uk/editions/691232</subfield>
			<subfield code="y">This edition in USTC</subfield>
		</datafield>
		<datafield tag="856" ind1="4" ind2=" ">
			<subfield code="u">http://resolver.libis.be/IE13224778/representation</subfield>
			<subfield code="y">KU Leuven Libraries GBIB GBIB P279.312.4 BELL Tran</subfield>
		</datafield>
		<datafield tag="900" ind1=" " ind2=" ">
			<subfield code="a">CONSOLIDATED RECORD EARLY PRINT FULL</subfield>
		</datafield>
		<datafield tag="900" ind1=" " ind2=" ">
			<subfield code="a">NO DEDUP</subfield>
		</datafield>
		<datafield tag="902" ind1=" " ind2=" ">
			<subfield code="r">BOOK BEFORE 1840</subfield>
			<subfield code="m">PHYSICAL</subfield>
		</datafield>
		<datafield tag="950" ind1=" " ind2=" ">
			<subfield code="b">printer's device</subfield>
			<subfield code="c">on title page ; S.J. logo</subfield>
		</datafield>
		<datafield tag="950" ind1=" " ind2=" ">
			<subfield code="b">ornamental initials</subfield>
		</datafield>
		<datafield tag="950" ind1=" " ind2=" ">
			<subfield code="b">tail piece(s)</subfield>
		</datafield>
		<datafield tag="950" ind1=" " ind2=" ">
			<subfield code="b">ruled borders</subfield>
		</datafield>
		<datafield tag="953" ind1=" " ind2=" ">
			<subfield code="a">1541-1600</subfield>
		</datafield>
		<datafield tag="955" ind1=" " ind2=" ">
			<subfield code="b">IE13224778</subfield>
			<subfield code="e">P279.312.4 BELL Tran</subfield>
			<subfield code="y">1599</subfield>
			<subfield code="v">1</subfield>
		</datafield>
		<datafield tag="981" ind1=" " ind2=" ">
			<subfield code="a">DIGI CAA DIGITALISEREN</subfield>
			<subfield code="c">P279.312.4 BELL Tran</subfield>
		</datafield>
		<datafield tag="981" ind1=" " ind2=" ">
			<subfield code="a">Google metadata import 20210927</subfield>
		</datafield>
		<datafield tag="981" ind1=" " ind2=" ">
			<subfield code="a">Google_Books_selection_2019</subfield>
		</datafield>
		<datafield tag="996" ind1=" " ind2=" ">
			<subfield code="a">GBIB</subfield>
			<subfield code="b">physical</subfield>
			<subfield code="c">202001</subfield>
			<subfield code="9">local</subfield>
		</datafield>
	</record>