
	<record>
		<leader>02123nam a2200481u  4500</leader>
		<controlfield tag="001">9911052860101488</controlfield>
		<controlfield tag="005">20220901162119.0</controlfield>
		<controlfield tag="008">891229s1570    it |||| r|    000|0 lat c</controlfield>
		<datafield tag="035" ind1=" " ind2=" ">
			<subfield code="a">3160268</subfield>
		</datafield>
		<datafield tag="035" ind1=" " ind2=" ">
			<subfield code="a">(BeLVLBS)001105286LBS01-Aleph</subfield>
		</datafield>
		<datafield tag="035" ind1=" " ind2=" ">
			<subfield code="a">(BeLVLBS)9911052860101471</subfield>
		</datafield>
		<datafield tag="040" ind1=" " ind2=" ">
			<subfield code="a">BeLVLBS</subfield>
			<subfield code="b">Language of cataloging varies</subfield>
			<subfield code="e">rda based</subfield>
		</datafield>
		<datafield tag="041" ind1=" " ind2=" ">
			<subfield code="a">lat</subfield>
			<subfield code="a">grc</subfield>
		</datafield>
		<datafield tag="245" ind1="0" ind2="0">
			<subfield code="a">Nicolai Clenardi Institvtiones lingvae. graecae</subfield>
			<subfield code="c">cvm. scholiis. et. praxi P. Antesignani</subfield>
		</datafield>
		<datafield tag="246" ind1="3" ind2="3">
			<subfield code="a">Institutiones linguae. graecae cum. scholiis. et. praxi P. Antesignani</subfield>
		</datafield>
		<datafield tag="264" ind1=" " ind2="1">
			<subfield code="a">Venetiis</subfield>
			<subfield code="b">in aedib. Manutianis</subfield>
			<subfield code="c">1570</subfield>
		</datafield>
		<datafield tag="300" ind1=" " ind2=" ">
			<subfield code="a">*8, 2*4, A-2N8 (2N7-8 blank) ; [24], 538, [33], [5 blank] p.</subfield>
			<subfield code="g">8°</subfield>
		</datafield>
		<datafield tag="336" ind1=" " ind2=" ">
			<subfield code="a">text</subfield>
			<subfield code="2">rdacontent</subfield>
		</datafield>
		<datafield tag="337" ind1=" " ind2=" ">
			<subfield code="a">unmediated</subfield>
			<subfield code="2">rdamedia</subfield>
		</datafield>
		<datafield tag="338" ind1=" " ind2=" ">
			<subfield code="a">volume</subfield>
			<subfield code="2">rdacarrier</subfield>
		</datafield>
		<datafield tag="510" ind1="4" ind2=" ">
			<subfield code="a">Bakelants &amp; Hoven</subfield>
			<subfield code="c">208</subfield>
		</datafield>
		<datafield tag="510" ind1="4" ind2=" ">
			<subfield code="a">PBN</subfield>
			<subfield code="c">nihil</subfield>
		</datafield>
		<datafield tag="542" ind1=" " ind2=" ">
			<subfield code="l">public domain</subfield>
			<subfield code="n">available as open data</subfield>
			<subfield code="u">gebruiksvoorwaarden</subfield>
		</datafield>
		<datafield tag="650" ind1=" " ind2="7">
			<subfield code="2">UDC</subfield>
			<subfield code="a">807.5-5</subfield>
			<subfield code="x">Grieks: grammatica</subfield>
		</datafield>
		<datafield tag="650" ind1=" " ind2="7">
			<subfield code="2">KUL</subfield>
			<subfield code="a">Academic collection</subfield>
		</datafield>
		<datafield tag="700" ind1="1" ind2=" ">
			<subfield code="a">Clenardus, Nicolaus</subfield>
			<subfield code="d">approximately 1493-1542</subfield>
			<subfield code="e">author</subfield>
		</datafield>
		<datafield tag="700" ind1="1" ind2=" ">
			<subfield code="a">Antesignanus, Petrus</subfield>
			<subfield code="d">1525-1561</subfield>
			<subfield code="e">contributor</subfield>
		</datafield>
		<datafield tag="700" ind1="1" ind2=" ">
			<subfield code="a">Glorierius, Julius</subfield>
			<subfield code="c">O.Cist.</subfield>
			<subfield code="e">dedicatee</subfield>
		</datafield>
		<datafield tag="710" ind1="2" ind2=" ">
			<subfield code="a">Manuzio, Aldo II</subfield>
			<subfield code="c">Venezia</subfield>
			<subfield code="d">active 1567-1595</subfield>
			<subfield code="e">bookseller</subfield>
		</datafield>
		<datafield tag="856" ind1="4" ind2="2">
			<subfield code="u">http://id.sbn.it/bid/CNCE012703</subfield>
			<subfield code="y">This edition in SBN OPAC</subfield>
		</datafield>
		<datafield tag="856" ind1="4" ind2="2">
			<subfield code="u">https://edit16.iccu.sbn.it/resultset-titoli/-/titoli/detail/CNCE12703</subfield>
			<subfield code="y">This edition in EDIT16</subfield>
		</datafield>
		<datafield tag="856" ind1="4" ind2="2">
			<subfield code="u">https://www.ustc.ac.uk/editions/823288</subfield>
			<subfield code="y">This edition in USTC</subfield>
		</datafield>
		<datafield tag="856" ind1="4" ind2="1">
			<subfield code="u">https://books.google.be/books?id=wuva8i2XO2UC</subfield>
			<subfield code="y">Digitized version in Google Books</subfield>
			<subfield code="z">Biblioteca di Cremona</subfield>
		</datafield>
		<datafield tag="856" ind1="4" ind2=" ">
			<subfield code="u">http://resolver.libis.be/IE14274366/representation</subfield>
			<subfield code="y">KU Leuven Libraries BCOL BRES CaaA1366</subfield>
		</datafield>
		<datafield tag="900" ind1=" " ind2=" ">
			<subfield code="a">CONSOLIDATED RECORD EARLY PRINT FULL</subfield>
		</datafield>
		<datafield tag="902" ind1=" " ind2=" ">
			<subfield code="r">BOOK BEFORE 1840</subfield>
			<subfield code="m">PHYSICAL</subfield>
		</datafield>
		<datafield tag="950" ind1=" " ind2=" ">
			<subfield code="b">ornamental initials</subfield>
		</datafield>
		<datafield tag="950" ind1=" " ind2=" ">
			<subfield code="b">portrait(s)</subfield>
			<subfield code="c">of Aldo Manuzio I on verso of title page</subfield>
		</datafield>
		<datafield tag="950" ind1=" " ind2=" ">
			<subfield code="b">printer's device</subfield>
			<subfield code="c">of Aldo Manuzio II on title page</subfield>
		</datafield>
		<datafield tag="953" ind1=" " ind2=" ">
			<subfield code="a">1541-1600</subfield>
		</datafield>
		<datafield tag="955" ind1=" " ind2=" ">
			<subfield code="b">IE14274366</subfield>
			<subfield code="e">CaaA1366</subfield>
			<subfield code="y">1570</subfield>
			<subfield code="v">1</subfield>
		</datafield>
		<datafield tag="981" ind1=" " ind2=" ">
			<subfield code="a">DIGI CAA DIGITALISEREN</subfield>
			<subfield code="c">CaaA1366</subfield>
		</datafield>
		<datafield tag="981" ind1=" " ind2=" ">
			<subfield code="a">Google metadata import 20210927</subfield>
		</datafield>
		<datafield tag="981" ind1=" " ind2=" ">
			<subfield code="a">Google_Books_selection_2019</subfield>
		</datafield>
		<datafield tag="996" ind1=" " ind2=" ">
			<subfield code="a">BCOL</subfield>
			<subfield code="b">physical</subfield>
			<subfield code="c">202001</subfield>
			<subfield code="9">local</subfield>
		</datafield>
	</record>