
	<record>
		<leader>01954nam a2200445u  4500</leader>
		<controlfield tag="001">9911787760101488</controlfield>
		<controlfield tag="005">20220901164656.0</controlfield>
		<controlfield tag="008">901018q1522    xx |||| r|    000|0 lat c</controlfield>
		<datafield tag="035" ind1=" " ind2=" ">
			<subfield code="a">3473920</subfield>
		</datafield>
		<datafield tag="035" ind1=" " ind2=" ">
			<subfield code="a">(BeLVLBS)001178776LBS01-Aleph</subfield>
		</datafield>
		<datafield tag="035" ind1=" " ind2=" ">
			<subfield code="a">(BeLVLBS)9911787760101471</subfield>
		</datafield>
		<datafield tag="040" ind1=" " ind2=" ">
			<subfield code="a">BeLVLBS</subfield>
			<subfield code="b">Language of cataloging varies</subfield>
			<subfield code="e">rda based</subfield>
		</datafield>
		<datafield tag="041" ind1=" " ind2=" ">
			<subfield code="a">lat</subfield>
		</datafield>
		<datafield tag="245" ind1="0" ind2="0">
			<subfield code="a">Copia breuis S. D. N. Adriani VI. in summum Pontificem electi ad sacrosanctum cardinalium collegium.</subfield>
		</datafield>
		<datafield tag="246" ind1="3" ind2="3">
			<subfield code="a">Copia brevis S. D. N. Adriani VI. in summum Pontificem electi ad sacrosanctum cardinalium collegium.</subfield>
		</datafield>
		<datafield tag="264" ind1=" " ind2="1">
			<subfield code="a">[place of publication not identified]</subfield>
			<subfield code="b">[publisher not identified]</subfield>
			<subfield code="c">[1522]</subfield>
		</datafield>
		<datafield tag="300" ind1=" " ind2=" ">
			<subfield code="a">A4 ; [4] f.</subfield>
			<subfield code="g">4°</subfield>
		</datafield>
		<datafield tag="336" ind1=" " ind2=" ">
			<subfield code="a">text</subfield>
			<subfield code="2">rdacontent</subfield>
		</datafield>
		<datafield tag="337" ind1=" " ind2=" ">
			<subfield code="a">unmediated</subfield>
			<subfield code="2">rdamedia</subfield>
		</datafield>
		<datafield tag="338" ind1=" " ind2=" ">
			<subfield code="a">volume</subfield>
			<subfield code="2">rdacarrier</subfield>
		</datafield>
		<datafield tag="500" ind1=" " ind2=" ">
			<subfield code="a">Date derived from text (f.A4v)</subfield>
		</datafield>
		<datafield tag="542" ind1=" " ind2=" ">
			<subfield code="l">public domain</subfield>
			<subfield code="n">available as open data</subfield>
			<subfield code="u">gebruiksvoorwaarden</subfield>
		</datafield>
		<datafield tag="650" ind1=" " ind2="7">
			<subfield code="2">KUL</subfield>
			<subfield code="a">Academic collection</subfield>
		</datafield>
		<datafield tag="650" ind1=" " ind2="7">
			<subfield code="2">KUL</subfield>
			<subfield code="a">Theologie, kerk en religie (kennisdomein)</subfield>
		</datafield>
		<datafield tag="650" ind1=" " ind2="7">
			<subfield code="2">KUL</subfield>
			<subfield code="a">Universiteitsgeschiedenis (kennisdomein)</subfield>
		</datafield>
		<datafield tag="650" ind1=" " ind2="7">
			<subfield code="2">UDC</subfield>
			<subfield code="a">2</subfield>
			<subfield code="x">Godsdienst. Theologie</subfield>
		</datafield>
		<datafield tag="700" ind1="1" ind2=" ">
			<subfield code="a">Adrianus</subfield>
			<subfield code="b">VI</subfield>
			<subfield code="c">pope</subfield>
			<subfield code="d">1459-1523</subfield>
			<subfield code="e">author</subfield>
		</datafield>
		<datafield tag="773" ind1="1" ind2=" ">
			<subfield code="i">Bound with</subfield>
			<subfield code="w">(BeLVLBS)001178760LBS01-Aleph</subfield>
			<subfield code="g">no:003473883</subfield>
			<subfield code="9">unrelated</subfield>
		</datafield>
		<datafield tag="856" ind1="4" ind2="2">
			<subfield code="u">http://edit16.iccu.sbn.it/scripts/iccu_ext.dll?fn=10&amp;i=43435</subfield>
			<subfield code="y">This edition in EDIT16</subfield>
		</datafield>
		<datafield tag="856" ind1="4" ind2="1">
			<subfield code="u">http://www.mdz-nbn-resolving.de/urn/resolver.pl?urn=urn:nbn:de:bvb:12-bsb10201779-9</subfield>
			<subfield code="y">Digitized version</subfield>
			<subfield code="z">Bayerische Staatsbibliothek</subfield>
		</datafield>
		<datafield tag="856" ind1="4" ind2=" ">
			<subfield code="u">http://resolver.libis.be/IE13351841/representation</subfield>
			<subfield code="y">KU Leuven Libraries BCOL BRES CaaA1304</subfield>
		</datafield>
		<datafield tag="900" ind1=" " ind2=" ">
			<subfield code="a">CONSOLIDATED RECORD EARLY PRINT FULL</subfield>
		</datafield>
		<datafield tag="900" ind1=" " ind2=" ">
			<subfield code="a">NO DEDUP</subfield>
		</datafield>
		<datafield tag="902" ind1=" " ind2=" ">
			<subfield code="r">BOOK BEFORE 1840</subfield>
			<subfield code="m">PHYSICAL</subfield>
		</datafield>
		<datafield tag="950" ind1=" " ind2=" ">
			<subfield code="b">coat of arms</subfield>
			<subfield code="c">of Adrianus VI on title page</subfield>
		</datafield>
		<datafield tag="950" ind1=" " ind2=" ">
			<subfield code="b">ornamental border(s)</subfield>
			<subfield code="c">on title page</subfield>
		</datafield>
		<datafield tag="950" ind1=" " ind2=" ">
			<subfield code="b">ornamental initials</subfield>
		</datafield>
		<datafield tag="953" ind1=" " ind2=" ">
			<subfield code="a">1501-1540</subfield>
		</datafield>
		<datafield tag="955" ind1=" " ind2=" ">
			<subfield code="b">IE13351841</subfield>
			<subfield code="e">CaaA1304</subfield>
			<subfield code="y">1522</subfield>
			<subfield code="v">1</subfield>
		</datafield>
		<datafield tag="981" ind1=" " ind2=" ">
			<subfield code="a">DIGI CAA DIGITALISEREN</subfield>
			<subfield code="c">CaaA1304</subfield>
		</datafield>
		<datafield tag="981" ind1=" " ind2=" ">
			<subfield code="a">Google metadata import 20210927</subfield>
		</datafield>
		<datafield tag="996" ind1=" " ind2=" ">
			<subfield code="a">BIBC</subfield>
			<subfield code="b">physical</subfield>
			<subfield code="c">201803</subfield>
			<subfield code="9">local</subfield>
		</datafield>
		<datafield tag="996" ind1=" " ind2=" ">
			<subfield code="a">BCOL</subfield>
			<subfield code="b">physical</subfield>
			<subfield code="c">201910</subfield>
			<subfield code="9">local</subfield>
		</datafield>
	</record>