
	<record>
		<leader>02365nam a2200469u  4500</leader>
		<controlfield tag="001">9911848370101488</controlfield>
		<controlfield tag="005">20220901145217.0</controlfield>
		<controlfield tag="008">901114s1538    gw |||| r|    000|0 lat c</controlfield>
		<datafield tag="035" ind1=" " ind2=" ">
			<subfield code="a">3501905</subfield>
		</datafield>
		<datafield tag="035" ind1=" " ind2=" ">
			<subfield code="a">(BeLVLBS)001184837LBS01-Aleph</subfield>
		</datafield>
		<datafield tag="035" ind1=" " ind2=" ">
			<subfield code="a">(BeLVLBS)9911848370101471</subfield>
		</datafield>
		<datafield tag="040" ind1=" " ind2=" ">
			<subfield code="a">BeLVLBS</subfield>
			<subfield code="b">Language of cataloging varies</subfield>
			<subfield code="e">rda based</subfield>
		</datafield>
		<datafield tag="041" ind1=" " ind2=" ">
			<subfield code="a">lat</subfield>
		</datafield>
		<datafield tag="245" ind1="0" ind2="0">
			<subfield code="a">Legatio Adriani papae VI. ad conventvm Nvrembergensem, anno M.D.XXII missa.</subfield>
			<subfield code="c">Responsio, nomine Cæsareæ maiestatis principum &amp; procerum reddita. Grauamina centum, a pontificibus introducta, pontifici significata, principibus &amp; imperij ordinibus vlterius non toleranda. Quid sint Annatæ, &amp; q; incredibilis summa pecuniarum ex orbe christiano, Romam mittatur &amp; profundatur.</subfield>
		</datafield>
		<datafield tag="246" ind1="3" ind2="3">
			<subfield code="a">Legatio Adriani papae VI. ad conventum Nurembergensem, anno M.D.XXII missa</subfield>
		</datafield>
		<datafield tag="264" ind1=" " ind2="1">
			<subfield code="a">Vittembergae</subfield>
			<subfield code="b">[Hans Frischmut]</subfield>
			<subfield code="c">1538</subfield>
		</datafield>
		<datafield tag="264" ind1=" " ind2="3">
			<subfield code="a">Impressvm Vittembergæ</subfield>
			<subfield code="b">per Ioannem Frischemut</subfield>
			<subfield code="c">[1538]</subfield>
			<subfield code="3">colophon</subfield>
		</datafield>
		<datafield tag="300" ind1=" " ind2=" ">
			<subfield code="a">A-T4, V4 (-V4) ; [79] f.</subfield>
			<subfield code="g">4°</subfield>
		</datafield>
		<datafield tag="336" ind1=" " ind2=" ">
			<subfield code="a">text</subfield>
			<subfield code="2">rdacontent</subfield>
		</datafield>
		<datafield tag="337" ind1=" " ind2=" ">
			<subfield code="a">unmediated</subfield>
			<subfield code="2">rdamedia</subfield>
		</datafield>
		<datafield tag="338" ind1=" " ind2=" ">
			<subfield code="a">volume</subfield>
			<subfield code="2">rdacarrier</subfield>
		</datafield>
		<datafield tag="500" ind1=" " ind2=" ">
			<subfield code="a">Account of the Diet of Nuremberg, Nov. 1522-March 1523, with the 100 grievances of the German nation against the Vatican. With foreword and postscript by Martin Luther</subfield>
		</datafield>
		<datafield tag="650" ind1=" " ind2="7">
			<subfield code="2">KUL</subfield>
			<subfield code="a">Academic collection</subfield>
		</datafield>
		<datafield tag="650" ind1=" " ind2="7">
			<subfield code="2">KUL</subfield>
			<subfield code="a">Theologie, kerk en religie (kennisdomein)</subfield>
		</datafield>
		<datafield tag="650" ind1=" " ind2="7">
			<subfield code="2">KUL</subfield>
			<subfield code="a">Universiteitsgeschiedenis (kennisdomein)</subfield>
		</datafield>
		<datafield tag="650" ind1=" " ind2="7">
			<subfield code="2">UDC</subfield>
			<subfield code="a">2</subfield>
			<subfield code="x">Godsdienst. Theologie</subfield>
		</datafield>
		<datafield tag="700" ind1="1" ind2=" ">
			<subfield code="a">Adrianus</subfield>
			<subfield code="b">VI</subfield>
			<subfield code="c">pope</subfield>
			<subfield code="d">1459-1523</subfield>
			<subfield code="e">other</subfield>
		</datafield>
		<datafield tag="700" ind1="1" ind2=" ">
			<subfield code="a">Luther, Martin</subfield>
			<subfield code="d">1483-1546</subfield>
			<subfield code="3">aft</subfield>
			<subfield code="e">author of introduction, etc.</subfield>
		</datafield>
		<datafield tag="710" ind1="2" ind2=" ">
			<subfield code="a">Frischmut, Hans</subfield>
			<subfield code="c">Wittenberg</subfield>
			<subfield code="d">active 1538-1540</subfield>
			<subfield code="e">printer</subfield>
		</datafield>
		<datafield tag="856" ind1="4" ind2="2">
			<subfield code="u">https://www.ustc.ac.uk/editions/671928</subfield>
			<subfield code="y">This edition in USTC</subfield>
		</datafield>
		<datafield tag="856" ind1="4" ind2="2">
			<subfield code="u">http://gateway-bayern.de/VD16+K+323</subfield>
		</datafield>
		<datafield tag="856" ind1="4" ind2="1">
			<subfield code="u">http://data.onb.ac.at/ABO/%2BZ222301904</subfield>
			<subfield code="y">Digitized version</subfield>
			<subfield code="z">Österreichische Nationalbibliothek</subfield>
		</datafield>
		<datafield tag="856" ind1="4" ind2=" ">
			<subfield code="u">http://resolver.libis.be/IE13351919/representation</subfield>
			<subfield code="y">KU Leuven Libraries BCOL BRES CaaA686</subfield>
		</datafield>
		<datafield tag="900" ind1=" " ind2=" ">
			<subfield code="a">CONSOLIDATED RECORD EARLY PRINT FULL</subfield>
		</datafield>
		<datafield tag="900" ind1=" " ind2=" ">
			<subfield code="a">NO DEDUP</subfield>
		</datafield>
		<datafield tag="902" ind1=" " ind2=" ">
			<subfield code="r">BOOK BEFORE 1840</subfield>
			<subfield code="m">PHYSICAL</subfield>
		</datafield>
		<datafield tag="950" ind1=" " ind2=" ">
			<subfield code="b">ornamental border(s)</subfield>
			<subfield code="c">on title page</subfield>
		</datafield>
		<datafield tag="950" ind1=" " ind2=" ">
			<subfield code="b">ornamental initials</subfield>
		</datafield>
		<datafield tag="953" ind1=" " ind2=" ">
			<subfield code="a">1501-1540</subfield>
		</datafield>
		<datafield tag="955" ind1=" " ind2=" ">
			<subfield code="b">IE13351919</subfield>
			<subfield code="e">CaaA686</subfield>
			<subfield code="y">1538</subfield>
			<subfield code="v">1</subfield>
		</datafield>
		<datafield tag="981" ind1=" " ind2=" ">
			<subfield code="a">DIGI CAA DIGITALISEREN</subfield>
			<subfield code="c">CaaA686</subfield>
		</datafield>
		<datafield tag="981" ind1=" " ind2=" ">
			<subfield code="a">Google metadata import 20210927</subfield>
		</datafield>
		<datafield tag="981" ind1=" " ind2=" ">
			<subfield code="a">Google_Books_selection_2019</subfield>
		</datafield>
		<datafield tag="996" ind1=" " ind2=" ">
			<subfield code="a">BCOL</subfield>
			<subfield code="b">physical</subfield>
			<subfield code="c">201901</subfield>
			<subfield code="9">local</subfield>
		</datafield>
		<datafield tag="996" ind1=" " ind2=" ">
			<subfield code="a">BCOL</subfield>
			<subfield code="b">physical</subfield>
			<subfield code="c">201910</subfield>
			<subfield code="9">local</subfield>
		</datafield>
	</record>