
	<record>
		<leader>02229nam a2200445u  4500</leader>
		<controlfield tag="001">9911860710101488</controlfield>
		<controlfield tag="005">20220901164131.0</controlfield>
		<controlfield tag="008">901119s1642    be |||| r|    000|0 lat c</controlfield>
		<datafield tag="035" ind1=" " ind2=" ">
			<subfield code="a">3506703</subfield>
		</datafield>
		<datafield tag="035" ind1=" " ind2=" ">
			<subfield code="a">(BeLVLBS)001186071LBS01-Aleph</subfield>
		</datafield>
		<datafield tag="035" ind1=" " ind2=" ">
			<subfield code="a">(BeLVLBS)9911860710101471</subfield>
		</datafield>
		<datafield tag="040" ind1=" " ind2=" ">
			<subfield code="a">BeLVLBS</subfield>
			<subfield code="b">Language of cataloging varies</subfield>
			<subfield code="e">rda based</subfield>
		</datafield>
		<datafield tag="041" ind1=" " ind2=" ">
			<subfield code="a">lat</subfield>
		</datafield>
		<datafield tag="245" ind1="0" ind2="0">
			<subfield code="a">Ant. PerezI ... Praelectiones in Codicem Ivstinianevm : quibus leges, &amp; authenticæ omnes attinguntur, atque explicantur, mores hodierni inseruntur, &amp; quicquid est iuris antiqui, noui, nouissimi enodatur, ac breuiter exponitur.</subfield>
		</datafield>
		<datafield tag="246" ind1="3" ind2="3">
			<subfield code="a">Ant. Perezii ... Praelectiones in Codicem Justinianeum : quibus leges, et authenticae omnes attinguntur, atque explicantur, mores hodierni inseruntur, &amp; quicquid est iuris antiqui, novi, novissimi enodatur, ac breviter exponitur</subfield>
		</datafield>
		<datafield tag="250" ind1=" " ind2=" ">
			<subfield code="a">Editio posterior dimidiâ parte auctior</subfield>
		</datafield>
		<datafield tag="264" ind1=" " ind2="1">
			<subfield code="a">Lovanii</subfield>
			<subfield code="b">typis &amp; sumptibus Euerardi de Witte</subfield>
			<subfield code="c">1642</subfield>
		</datafield>
		<datafield tag="300" ind1=" " ind2=" ">
			<subfield code="a">)(4, 2)(2, A-5I4 (5I4 blank) ; [1], [1 blank], [10], 812 [= 806], [2 blank] p.</subfield>
			<subfield code="g">2°</subfield>
		</datafield>
		<datafield tag="336" ind1=" " ind2=" ">
			<subfield code="a">text</subfield>
			<subfield code="2">rdacontent</subfield>
		</datafield>
		<datafield tag="337" ind1=" " ind2=" ">
			<subfield code="a">unmediated</subfield>
			<subfield code="2">rdamedia</subfield>
		</datafield>
		<datafield tag="338" ind1=" " ind2=" ">
			<subfield code="a">volume</subfield>
			<subfield code="2">rdacarrier</subfield>
		</datafield>
		<datafield tag="500" ind1=" " ind2=" ">
			<subfield code="a">Errors in page numbering: f. 5B1v. is wrongly numbered 748 instead of 746 and f. 5H1r. is wrongly numbered 799 instead of 795.</subfield>
		</datafield>
		<datafield tag="542" ind1=" " ind2=" ">
			<subfield code="l">public domain</subfield>
			<subfield code="n">available as open data</subfield>
			<subfield code="u">gebruiksvoorwaarden</subfield>
		</datafield>
		<datafield tag="650" ind1=" " ind2="7">
			<subfield code="2">KUL</subfield>
			<subfield code="a">Academic collection</subfield>
		</datafield>
		<datafield tag="699" ind1=" " ind2=" ">
			<subfield code="a">Herkomstcollectie Kruisheren</subfield>
			<subfield code="g">CometaMSB</subfield>
			<subfield code="9">local</subfield>
		</datafield>
		<datafield tag="700" ind1="1" ind2=" ">
			<subfield code="a">Perez, Antonio</subfield>
			<subfield code="d">1583-1672</subfield>
			<subfield code="e">author</subfield>
		</datafield>
		<datafield tag="700" ind1="0" ind2=" ">
			<subfield code="a">Justinianus</subfield>
			<subfield code="b">I</subfield>
			<subfield code="c">Byzantine imperator</subfield>
			<subfield code="d">483-565</subfield>
			<subfield code="e">other</subfield>
		</datafield>
		<datafield tag="710" ind1="2" ind2=" ">
			<subfield code="a">De Witte, Everaerdt</subfield>
			<subfield code="c">Leuven</subfield>
			<subfield code="d">active 1638-1651</subfield>
			<subfield code="e">printer</subfield>
		</datafield>
		<datafield tag="856" ind1="4" ind2="2">
			<subfield code="u">https://anet.be/record/stcvopac/c:stcv:6935999</subfield>
			<subfield code="y">This edition in STCV</subfield>
		</datafield>
		<datafield tag="856" ind1="4" ind2="2">
			<subfield code="u">https://www.ustc.ac.uk/editions/1005433</subfield>
			<subfield code="y">This edition in USTC</subfield>
		</datafield>
		<datafield tag="856" ind1="4" ind2=" ">
			<subfield code="u">http://resolver.libis.be/IE13604321/representation</subfield>
			<subfield code="y">KU Leuven Libraries BCOL BRES CaaB71</subfield>
		</datafield>
		<datafield tag="900" ind1=" " ind2=" ">
			<subfield code="a">CONSOLIDATED RECORD EARLY PRINT FULL</subfield>
		</datafield>
		<datafield tag="902" ind1=" " ind2=" ">
			<subfield code="r">BOOK BEFORE 1840</subfield>
			<subfield code="m">PHYSICAL</subfield>
		</datafield>
		<datafield tag="950" ind1=" " ind2=" ">
			<subfield code="b">titlepage red/black</subfield>
		</datafield>
		<datafield tag="950" ind1=" " ind2=" ">
			<subfield code="b">printer's device</subfield>
			<subfield code="c">on title page ; engraved</subfield>
		</datafield>
		<datafield tag="950" ind1=" " ind2=" ">
			<subfield code="b">tail piece(s)</subfield>
		</datafield>
		<datafield tag="950" ind1=" " ind2=" ">
			<subfield code="b">ornamental initials</subfield>
		</datafield>
		<datafield tag="953" ind1=" " ind2=" ">
			<subfield code="a">1601-1650</subfield>
		</datafield>
		<datafield tag="955" ind1=" " ind2=" ">
			<subfield code="b">IE13604321</subfield>
			<subfield code="e">CaaB71</subfield>
			<subfield code="y">1642</subfield>
			<subfield code="v">1</subfield>
		</datafield>
		<datafield tag="981" ind1=" " ind2=" ">
			<subfield code="a">DIGI CAA DIGITALISEREN</subfield>
			<subfield code="c">CaaB71</subfield>
		</datafield>
		<datafield tag="981" ind1=" " ind2=" ">
			<subfield code="a">Google metadata import 20210927</subfield>
		</datafield>
		<datafield tag="981" ind1=" " ind2=" ">
			<subfield code="a">Google_Books_selection_2019</subfield>
		</datafield>
		<datafield tag="996" ind1=" " ind2=" ">
			<subfield code="a">GBIB</subfield>
			<subfield code="b">physical</subfield>
			<subfield code="c">201910</subfield>
			<subfield code="d">Kruisheren Maaseik</subfield>
			<subfield code="9">local</subfield>
		</datafield>
		<datafield tag="996" ind1=" " ind2=" ">
			<subfield code="a">BCOL</subfield>
			<subfield code="b">physical</subfield>
			<subfield code="c">201912</subfield>
			<subfield code="9">local</subfield>
		</datafield>
	</record>