
	<record>
		<leader>02925nam a2200517u  4500</leader>
		<controlfield tag="001">9911900830101488</controlfield>
		<controlfield tag="005">20220901163231.0</controlfield>
		<controlfield tag="008">901204s1622    fr |||| r|    000|0 mul c</controlfield>
		<datafield tag="035" ind1=" " ind2=" ">
			<subfield code="a">3523515</subfield>
		</datafield>
		<datafield tag="035" ind1=" " ind2=" ">
			<subfield code="a">(BeLVLBS)001190083LBS01-Aleph</subfield>
		</datafield>
		<datafield tag="035" ind1=" " ind2=" ">
			<subfield code="a">(BeLVLBS)9911900830101471</subfield>
		</datafield>
		<datafield tag="040" ind1=" " ind2=" ">
			<subfield code="a">BeLVLBS</subfield>
			<subfield code="b">Language of cataloging varies</subfield>
			<subfield code="e">rda based</subfield>
		</datafield>
		<datafield tag="041" ind1=" " ind2=" ">
			<subfield code="a">fre</subfield>
			<subfield code="a">lat</subfield>
		</datafield>
		<datafield tag="245" ind1="0" ind2="0">
			<subfield code="a">Discovrs des choses memorables, qvi se sont passees av trespas, &amp; aux funerailles du feu Cardinal Bellarmin, de tres-illustre &amp; glorieuse memoire. Auec la copie de son testament inserée au dedans.</subfield>
			<subfield code="c">Le tout fidelement recueilly de deux diuers Narrez enuoyez de Rome sur ce sujet.</subfield>
		</datafield>
		<datafield tag="246" ind1="3" ind2="3">
			<subfield code="a">Discours des choses memorables, qui se sont passees au trespas, &amp; aux funerailles du feu Cardinal Bellarmin, de tres-illustre &amp; glorieuse memoire. Auec la copie de son testament inserée au dedans</subfield>
		</datafield>
		<datafield tag="246" ind1="3" ind2="3">
			<subfield code="a">In funere Roberti Cardinalis Bellarmini oratio Tarquinii Gallutii ...  habita Romae ... Id. Octob. Ann. MDCXXI ...  Card. Farnesio dicata.</subfield>
		</datafield>
		<datafield tag="264" ind1=" " ind2="1">
			<subfield code="a">A Arras</subfield>
			<subfield code="b">de l'imprimerie de Guillaume de la Riuière</subfield>
			<subfield code="c">1622</subfield>
		</datafield>
		<datafield tag="264" ind1=" " ind2="3">
			<subfield code="a">A Trebati</subfield>
			<subfield code="b">ex officinâ Gvilielmi Riverii</subfield>
			<subfield code="c">1622</subfield>
			<subfield code="3">title page 'In fvnere Roberti ... Bellarmini...'</subfield>
		</datafield>
		<datafield tag="300" ind1=" " ind2=" ">
			<subfield code="a">A-B8, C-D4, E-G8 ; 95, [1] p.</subfield>
			<subfield code="g">8°</subfield>
		</datafield>
		<datafield tag="336" ind1=" " ind2=" ">
			<subfield code="a">text</subfield>
			<subfield code="2">rdacontent</subfield>
		</datafield>
		<datafield tag="337" ind1=" " ind2=" ">
			<subfield code="a">unmediated</subfield>
			<subfield code="2">rdamedia</subfield>
		</datafield>
		<datafield tag="338" ind1=" " ind2=" ">
			<subfield code="a">volume</subfield>
			<subfield code="2">rdacarrier</subfield>
		</datafield>
		<datafield tag="500" ind1=" " ind2=" ">
			<subfield code="a">With separate title page for 'In fvnere Roberti Cardinalis Bellarmini oratio Tarqvinii Gallvtii ... Card. Farnesio dicata'</subfield>
		</datafield>
		<datafield tag="510" ind1="4" ind2=" ">
			<subfield code="a">BSJ</subfield>
			<subfield code="c">III, 1143, 8</subfield>
		</datafield>
		<datafield tag="505" ind1="2" ind2="0">
			<subfield code="a">f. D1r-D4r :</subfield>
			<subfield code="t">Testamentum ... Bellarmini ...</subfield>
		</datafield>
		<datafield tag="505" ind1="2" ind2="0">
			<subfield code="a">f. E1r-G8v :</subfield>
			<subfield code="t">In fvnere Roberti Cardinalis Bellarmini oratio Tarqvinii Gallvtii ...  habita Romæ ... Id. Octob. Ann. MDCXXI ...  Card. Farnesio dicata.</subfield>
		</datafield>
		<datafield tag="542" ind1=" " ind2=" ">
			<subfield code="l">public domain</subfield>
			<subfield code="n">available as open data</subfield>
			<subfield code="u">gebruiksvoorwaarden</subfield>
		</datafield>
		<datafield tag="546" ind1=" " ind2=" ">
			<subfield code="a">'Discovrs des choses memorables...' in French ;'Testamentum ... Bellarmini ...' and 'In fvnere Roberti ... Bellarmini...' in Latin</subfield>
		</datafield>
		<datafield tag="650" ind1=" " ind2="7">
			<subfield code="2">KUL</subfield>
			<subfield code="a">#GBIB: jesuitica</subfield>
		</datafield>
		<datafield tag="650" ind1=" " ind2="7">
			<subfield code="2">KUL</subfield>
			<subfield code="a">Academic collection</subfield>
		</datafield>
		<datafield tag="699" ind1=" " ind2=" ">
			<subfield code="a">Herkomstcollectie Mechelen: Bibliotheek Grootseminarie</subfield>
			<subfield code="g">CometaMSB</subfield>
			<subfield code="9">local</subfield>
		</datafield>
		<datafield tag="700" ind1="1" ind2=" ">
			<subfield code="a">Bellarmino, Roberto</subfield>
			<subfield code="c">S.J., card.</subfield>
			<subfield code="d">1542-1621</subfield>
			<subfield code="e">other</subfield>
		</datafield>
		<datafield tag="700" ind1="1" ind2=" ">
			<subfield code="a">Galluzzi, Tarquinio</subfield>
			<subfield code="c">S.J.</subfield>
			<subfield code="d">1574-1649</subfield>
			<subfield code="e">author</subfield>
		</datafield>
		<datafield tag="700" ind1="1" ind2=" ">
			<subfield code="a">Farnese, Odoardo</subfield>
			<subfield code="c">card.</subfield>
			<subfield code="d">1573-1626</subfield>
			<subfield code="e">other</subfield>
		</datafield>
		<datafield tag="710" ind1="2" ind2=" ">
			<subfield code="a">de la Rivière, Guillaume I</subfield>
			<subfield code="c">Arras</subfield>
			<subfield code="d">active 1591-1623</subfield>
			<subfield code="e">printer</subfield>
		</datafield>
		<datafield tag="856" ind1="4" ind2="2">
			<subfield code="u">https://www.ustc.ac.uk/editions/1119672</subfield>
			<subfield code="y">This edition in USTC</subfield>
		</datafield>
		<datafield tag="856" ind1="4" ind2="1">
			<subfield code="u">https://lib.ugent.be/catalog/rug01:001716619</subfield>
			<subfield code="y">Digitized version</subfield>
			<subfield code="z">Universiteitsbibliotheek Gent</subfield>
		</datafield>
		<datafield tag="856" ind1="4" ind2=" ">
			<subfield code="u">http://resolver.libis.be/IE13180794/representation</subfield>
			<subfield code="y">KU Leuven Libraries GBIB GBIB P279.312.4 DISC</subfield>
		</datafield>
		<datafield tag="900" ind1=" " ind2=" ">
			<subfield code="a">CONSOLIDATED RECORD EARLY PRINT FULL</subfield>
		</datafield>
		<datafield tag="900" ind1=" " ind2=" ">
			<subfield code="a">NO DEDUP</subfield>
		</datafield>
		<datafield tag="902" ind1=" " ind2=" ">
			<subfield code="r">BOOK BEFORE 1840</subfield>
			<subfield code="m">PHYSICAL</subfield>
		</datafield>
		<datafield tag="950" ind1=" " ind2=" ">
			<subfield code="b">printer's device</subfield>
			<subfield code="c">on title pages</subfield>
		</datafield>
		<datafield tag="950" ind1=" " ind2=" ">
			<subfield code="b">head piece(s)</subfield>
		</datafield>
		<datafield tag="950" ind1=" " ind2=" ">
			<subfield code="b">ornamental initials</subfield>
		</datafield>
		<datafield tag="953" ind1=" " ind2=" ">
			<subfield code="a">1601-1650</subfield>
		</datafield>
		<datafield tag="955" ind1=" " ind2=" ">
			<subfield code="b">IE13180794</subfield>
			<subfield code="e">P279.312.4 DISC</subfield>
			<subfield code="y">1622</subfield>
			<subfield code="v">1</subfield>
		</datafield>
		<datafield tag="981" ind1=" " ind2=" ">
			<subfield code="a">DIGI CAA DIGITALISEREN</subfield>
			<subfield code="c">P279.312.4 DISC</subfield>
		</datafield>
		<datafield tag="981" ind1=" " ind2=" ">
			<subfield code="a">Google metadata import 20210927</subfield>
		</datafield>
		<datafield tag="996" ind1=" " ind2=" ">
			<subfield code="a">GBIB</subfield>
			<subfield code="b">physical</subfield>
			<subfield code="c">202001</subfield>
			<subfield code="9">local</subfield>
		</datafield>
	</record>
</collection>
